@article{devlin2018bert,
	title={Bert: Pre-training of deep bidirectional transformers for language understanding},
	author={Devlin, Jacob and Chang, Ming-Wei and Lee, Kenton and Toutanova, Kristina},
	journal={Proceedings of the 2019 Conference of the North {A}merican Chapter of the Association for Computational Linguistics: Human Language Technologies, Volume 1 (Long and Short Papers)},
	year={2019}
}

@inproceedings{yang2019xlnet,
	author = {Yang, Zhilin and Dai, Zihang and Yang, Yiming and Carbonell, Jaime and Salakhutdinov, Russ R and Le, Quoc V},
	booktitle = {Advances in Neural Information Processing Systems},
	editor = {H. Wallach and H. Larochelle and A. Beygelzimer and F. d\textquotesingle Alch\'{e}-Buc and E. Fox and R. Garnett},
	pages = {},
	publisher = {Curran Associates, Inc.},
	title = {XLNet: Generalized Autoregressive Pretraining for Language Understanding},
	volume = {32},
	year = {2019}
}

@book{gut2013probability,
	title={Probability: a graduate course},
	author={Gut, Allan},
	volume={75},
	year={2013},
	publisher={Springer Science \& Business Media}
}

@book{liu2003uncertain,
  title={不确定规划及应用},
  author={刘宝碇},
  volume={1},
  year={2003},
  publisher={清华大学出版社有限公司}
}

@book{qiu2020nndl,
    title = {神经网络与深度学习},
    publisher = {机械工业出版社},
    year = {2020},
    author = {邱锡鹏},
    address = {北京},
    isbn = {9787111649687},
    url = {https://nndl.github.io/},
}
//上方是template
@article{dinitz1976structure,
  title={On the structure of the system of minimum edge cuts of a graph},
  author={Dinitz, Efim A and Karzanov, Alexander V and Lomonosov, Michael V},
  journal={Issledovaniya po Diskretnoi Optimizatsii},
  pages={290--306},
  year={1976},
  publisher={Nauka Moscow, Russia}
}
@inproceedings{gabow1983linear,
  title={A linear-time algorithm for a special case of disjoint set union},
  author={Gabow, Harold N and Tarjan, Robert Endre},
  booktitle={Proceedings of the fifteenth annual ACM symposium on Theory of computing},
  pages={246--251},
  year={1983}
}
@phdthesis{benczur1997cut,
  title={Cut structures and randomized algorithms in edge-connectivity problems},
  author={Bencz{\'u}r, Andras A},
  year={1997},
  school={Massachusetts Institute of Technology}
}
@inproceedings{benczur1996approximating,
  title={Approximating st minimum cuts in {\~O} (n 2) time},
  author={Bencz{\'u}r, Andr{\'a}s A and Karger, David R},
  booktitle={Proceedings of the twenty-eighth annual ACM symposium on Theory of computing},
  pages={47--55},
  year={1996}
}
@article{karger2000minimum,
  title={Minimum cuts in near-linear time},
  author={Karger, David R},
  journal={Journal of the ACM (JACM)},
  volume={47},
  number={1},
  pages={46--76},
  year={2000},
  publisher={ACM New York, NY, USA}
}
@inproceedings{karger2009near,
  title={A near-linear time algorithm for constructing a cactus representation of minimum cuts},
  author={Karger, David R and Panigrahi, Debmalya},
  booktitle={Proceedings of the Twentieth Annual ACM-SIAM Symposium on Discrete Algorithms},
  pages={246--255},
  year={2009},
  organization={SIAM}
}
@inproceedings{he2024cactus,
  title={Cactus representation of minimum cuts: Derandomize and speed up},
  author={He, Zhongtian and Huang, Shang-En and Saranurak, Thatchaphol},
  booktitle={Proceedings of the 2024 Annual ACM-SIAM Symposium on Discrete Algorithms (SODA)},
  pages={1503--1541},
  year={2024},
  organization={SIAM}
}
@inproceedings{he2024cactus2,
  title={Cactus representations in polylogarithmic max-flow via maximal isolating mincuts},
  author={He, Zhongtian and Huang, Shang-En and Saranurak, Thatchaphol},
  booktitle={Proceedings of the 2024 Annual ACM-SIAM Symposium on Discrete Algorithms (SODA)},
  pages={1465--1502},
  year={2024},
  organization={SIAM}
}
@incollection{dinitz2006dinitz,
  title={Dinitz’algorithm: The original version and Even’s version},
  author={Dinitz, Yefim},
  booktitle={Theoretical Computer Science: Essays in Memory of Shimon Even},
  pages={218--240},
  year={2006},
  publisher={Springer}
}
@inproceedings{lee2014path,
  title={Path finding methods for linear programming: Solving linear programs in o (vrank) iterations and faster algorithms for maximum flow},
  author={Lee, Yin Tat and Sidford, Aaron},
  booktitle={2014 IEEE 55th Annual Symposium on Foundations of Computer Science},
  pages={424--433},
  year={2014},
  organization={IEEE}
}
@inproceedings{li2021approximate,
  title={Approximate gomory--hu tree is faster than n--1 max-flows},
  author={Li, Jason and Panigrahi, Debmalya},
  booktitle={Proceedings of the 53rd Annual ACM SIGACT Symposium on Theory of Computing},
  pages={1738--1748},
  year={2021}
}
//截止上方，11
@phdthesis{li2021preconditioning,
  title={Preconditioning and Locality in Algorithm Design.},
  author={Li, Jason},
  year={2021},
  school={Carnegie Mellon University, USA}
}
@inproceedings{li2020deterministic,
  title={Deterministic min-cut in poly-logarithmic max-flows},
  author={Li, Jason and Panigrahi, Debmalya},
  booktitle={2020 IEEE 61st Annual Symposium on Foundations of Computer Science (FOCS)},
  pages={85--92},
  year={2020},
  organization={IEEE}
}
@article{aamand2024differentially,
  title={Differentially Private Gomory-Hu Trees},
  author={Aamand, Anders and Chen, Justin Y and Dalirrooyfard, Mina and Mitrovi{\'c}, Slobodan and Nevmyvaka, Yuriy and Silwal, Sandeep and Xu, Yinzhan},
  journal={arXiv preprint arXiv:2408.01798},
  year={2024}
}
@inproceedings{liu2024optimal,
  title={Optimal bounds on private graph approximation},
  author={Liu, Jingcheng and Upadhyay, Jalaj and Zou, Zongrui},
  booktitle={Proceedings of the 2024 Annual ACM-SIAM Symposium on Discrete Algorithms (SODA)},
  pages={1019--1049},
  year={2024},
  organization={SIAM}
}


@article{narayanan2016precautionary,
  title={A precautionary approach to big data privacy},
  author={Narayanan, Arvind and Huey, Joanna and Felten, Edward W},
  journal={Data protection on the move: Current developments in ICT and privacy/data protection},
  pages={357--385},
  year={2016},
  publisher={Springer}
}
@inproceedings{karger1994random,
  title={Random sampling in cut, flow, and network design problems},
  author={Karger, David R},
  booktitle={Proceedings of the twenty-sixth annual ACM symposium on Theory of computing},
  pages={648--657},
  year={1994}
}
@inproceedings{karger1993global,
  title={Global Min-cuts in RNC, and Other Ramifications of a Simple Min-Cut Algorithm.},
  author={Karger, David R},
  booktitle={Soda},
  volume={93},
  pages={21--30},
  year={1993},
  organization={Citeseer}
}
@article{karger1996new,
  title={A new approach to the minimum cut problem},
  author={Karger, David R and Stein, Clifford},
  journal={Journal of the ACM (JACM)},
  volume={43},
  number={4},
  pages={601--640},
  year={1996},
  publisher={ACM New York, NY, USA}
}


@inproceedings{dwork2006differential,
  title={Differential privacy},
  author={Dwork, Cynthia},
  booktitle={International colloquium on automata, languages, and programming},
  pages={1--12},
  year={2006},
  organization={Springer}
}

@inproceedings{dwork2006calibrating,
  title={Calibrating noise to sensitivity in private data analysis},
  author={Dwork, Cynthia and McSherry, Frank and Nissim, Kobbi and Smith, Adam},
  booktitle={Theory of Cryptography: Third Theory of Cryptography Conference, TCC 2006, New York, NY, USA, March 4-7, 2006. Proceedings 3},
  pages={265--284},
  year={2006},
  organization={Springer}
}

@inproceedings{dwork2009differential,
  title={Differential privacy and robust statistics},
  author={Dwork, Cynthia and Lei, Jing},
  booktitle={Proceedings of the forty-first annual ACM symposium on Theory of computing},
  pages={371--380},
  year={2009}
}
@article{dwork2014algorithmic,
  title={The algorithmic foundations of differential privacy},
  author={Dwork, Cynthia and Roth, Aaron and others},
  journal={Foundations and Trends{\textregistered} in Theoretical Computer Science},
  volume={9},
  number={3--4},
  pages={211--407},
  year={2014},
  publisher={Now Publishers, Inc.}
}

@article{ford1956maximal,
  title={Maximal flow through a network},
  author={Ford Jr, Lester R and Fulkerson, Delbert R},
  journal={Canadian journal of Mathematics},
  volume={8},
  pages={399--404},
  year={1956},
  publisher={Cambridge University Press}
}
@inproceedings{gupta2010differentially,
  title={Differentially private combinatorial optimization},
  author={Gupta, Anupam and Ligett, Katrina and McSherry, Frank and Roth, Aaron and Talwar, Kunal},
  booktitle={Proceedings of the twenty-first annual ACM-SIAM symposium on Discrete Algorithms},
  pages={1106--1125},
  year={2010},
  organization={SIAM}
}

@inproceedings{li2021deterministic,
  title={Deterministic mincut in almost-linear time},
  author={Li, Jason},
  booktitle={Proceedings of the 53rd Annual ACM SIGACT Symposium on Theory of Computing},
  pages={384--395},
  year={2021}
}
@article{cunningham1985minimum,
  title={Minimum cuts, modular functions, and matroid polyhedra},
  author={Cunningham, William H},
  journal={Networks},
  volume={15},
  number={2},
  pages={205--215},
  year={1985},
  publisher={Wiley Online Library}
}

@article{fleiner2009quick,
  title={A quick proof for the cactus representation of mincuts},
  author={Fleiner, Tam{\'a}s and Frank, Andr{\'a}s},
  journal={EGRES Quick Proof},
  volume={3},
  pages={2009},
  year={2009}
}

@article{varma2023average,
  title={Average sensitivity of graph algorithms},
  author={Varma, Nithin and Yoshida, Yuichi},
  journal={SIAM Journal on Computing},
  volume={52},
  number={4},
  pages={1039--1081},
  year={2023},
  publisher={SIAM}
}
@article{vadhan2017complexity,
  title={The complexity of differential privacy},
  author={Vadhan, Salil},
  journal={Tutorials on the Foundations of Cryptography: Dedicated to Oded Goldreich},
  pages={347--450},
  year={2017},
  publisher={Springer}
}
@inproceedings{qiao2021oneshot,
  title={Oneshot differentially private top-k selection},
  author={Qiao, Gang and Su, Weijie and Zhang, Li},
  booktitle={International Conference on Machine Learning},
  pages={8672--8681},
  year={2021},
  organization={PMLR}
}

@inproceedings{mcsherry2007mechanism,
  title={Mechanism design via differential privacy},
  author={McSherry, Frank and Talwar, Kunal},
  booktitle={48th Annual IEEE Symposium on Foundations of Computer Science (FOCS'07)},
  pages={94--103},
  year={2007},
  organization={IEEE}
}

@inproceedings{dinur2003revealing,
  title={Revealing information while preserving privacy},
  author={Dinur, Irit and Nissim, Kobbi},
  booktitle={Proceedings of the twenty-second ACM SIGMOD-SIGACT-SIGART symposium on Principles of database systems},
  pages={202--210},
  year={2003}
}