@article{devlin2018bert,
	title={Bert: Pre-training of deep bidirectional transformers for language understanding},
	author={Devlin, Jacob and Chang, Ming-Wei and Lee, Kenton and Toutanova, Kristina},
	journal={Proceedings of the 2019 Conference of the North {A}merican Chapter of the Association for Computational Linguistics: Human Language Technologies, Volume 1 (Long and Short Papers)},
	year={2019}
}

@inproceedings{yang2019xlnet,
	author = {Yang, Zhilin and Dai, Zihang and Yang, Yiming and Carbonell, Jaime and Salakhutdinov, Russ R and Le, Quoc V},
	booktitle = {Advances in Neural Information Processing Systems},
	editor = {H. Wallach and H. Larochelle and A. Beygelzimer and F. d\textquotesingle Alch\'{e}-Buc and E. Fox and R. Garnett},
	pages = {},
	publisher = {Curran Associates, Inc.},
	title = {XLNet: Generalized Autoregressive Pretraining for Language Understanding},
	volume = {32},
	year = {2019}
}

@book{gut2013probability,
	title={Probability: a graduate course},
	author={Gut, Allan},
	volume={75},
	year={2013},
	publisher={Springer Science \& Business Media}
}

@book{liu2003uncertain,
  title={不确定规划及应用},
  author={刘宝碇},
  volume={1},
  year={2003},
  publisher={清华大学出版社有限公司}
}

@book{qiu2020nndl,
    title = {神经网络与深度学习},
    publisher = {机械工业出版社},
    year = {2020},
    author = {邱锡鹏},
    address = {北京},
    isbn = {9787111649687},
    url = {https://nndl.github.io/},
}
//上方是template
@article{dinitz1976structure,
  title={On the structure of the system of minimum edge cuts of a graph},
  author={Dinitz, Efim A and Karzanov, Alexander V and Lomonosov, Michael V},
  journal={Issledovaniya po Diskretnoi Optimizatsii},
  pages={290--306},
  year={1976},
  publisher={Nauka Moscow, Russia}
}
@inproceedings{gabow1983linear,
  title={A linear-time algorithm for a special case of disjoint set union},
  author={Gabow, Harold N and Tarjan, Robert Endre},
  booktitle={Proceedings of the fifteenth annual ACM symposium on Theory of computing},
  pages={246--251},
  year={1983}
}
@phdthesis{benczur1997cut,
  title={Cut structures and randomized algorithms in edge-connectivity problems},
  author={Bencz{\'u}r, Andras A},
  year={1997},
  school={Massachusetts Institute of Technology}
}
@inproceedings{benczur1996approximating,
  title={Approximating st minimum cuts in {\~O} (n 2) time},
  author={Bencz{\'u}r, Andr{\'a}s A and Karger, David R},
  booktitle={Proceedings of the twenty-eighth annual ACM symposium on Theory of computing},
  pages={47--55},
  year={1996}
}
@article{karger2000minimum,
  title={Minimum cuts in near-linear time},
  author={Karger, David R},
  journal={Journal of the ACM (JACM)},
  volume={47},
  number={1},
  pages={46--76},
  year={2000},
  publisher={ACM New York, NY, USA}
}
@inproceedings{karger2009near,
  title={A near-linear time algorithm for constructing a cactus representation of minimum cuts},
  author={Karger, David R and Panigrahi, Debmalya},
  booktitle={Proceedings of the Twentieth Annual ACM-SIAM Symposium on Discrete Algorithms},
  pages={246--255},
  year={2009},
  organization={SIAM}
}
@inproceedings{he2024cactus,
  title={Cactus representation of minimum cuts: Derandomize and speed up},
  author={He, Zhongtian and Huang, Shang-En and Saranurak, Thatchaphol},
  booktitle={Proceedings of the 2024 Annual ACM-SIAM Symposium on Discrete Algorithms (SODA)},
  pages={1503--1541},
  year={2024},
  organization={SIAM}
}
@inproceedings{he2024cactus,
  title={Cactus representations in polylogarithmic max-flow via maximal isolating mincuts},
  author={He, Zhongtian and Huang, Shang-En and Saranurak, Thatchaphol},
  booktitle={Proceedings of the 2024 Annual ACM-SIAM Symposium on Discrete Algorithms (SODA)},
  pages={1465--1502},
  year={2024},
  organization={SIAM}
}
@incollection{dinitz2006dinitz,
  title={Dinitz’algorithm: The original version and Even’s version},
  author={Dinitz, Yefim},
  booktitle={Theoretical Computer Science: Essays in Memory of Shimon Even},
  pages={218--240},
  year={2006},
  publisher={Springer}
}
@inproceedings{lee2014path,
  title={Path finding methods for linear programming: Solving linear programs in o (vrank) iterations and faster algorithms for maximum flow},
  author={Lee, Yin Tat and Sidford, Aaron},
  booktitle={2014 IEEE 55th Annual Symposium on Foundations of Computer Science},
  pages={424--433},
  year={2014},
  organization={IEEE}
}
@inproceedings{li2021approximate,
  title={Approximate gomory--hu tree is faster than n--1 max-flows},
  author={Li, Jason and Panigrahi, Debmalya},
  booktitle={Proceedings of the 53rd Annual ACM SIGACT Symposium on Theory of Computing},
  pages={1738--1748},
  year={2021}
}
//截止上方，11
@phdthesis{li2021preconditioning,
  title={Preconditioning and Locality in Algorithm Design.},
  author={Li, Jason},
  year={2021},
  school={Carnegie Mellon University, USA}
}
@inproceedings{li2020deterministic,
  title={Deterministic min-cut in poly-logarithmic max-flows},
  author={Li, Jason and Panigrahi, Debmalya},
  booktitle={2020 IEEE 61st Annual Symposium on Foundations of Computer Science (FOCS)},
  pages={85--92},
  year={2020},
  organization={IEEE}
}
@article{aamand2024differentially,
  title={Differentially Private Gomory-Hu Trees},
  author={Aamand, Anders and Chen, Justin Y and Dalirrooyfard, Mina and Mitrovi{\'c}, Slobodan and Nevmyvaka, Yuriy and Silwal, Sandeep and Xu, Yinzhan},
  journal={arXiv preprint arXiv:2408.01798},
  year={2024}
}
@article{liu2024almost,
  title={Almost linear time differentially private release of synthetic graphs},
  author={Liu, Jingcheng and Upadhyay, Jalaj and Zou, Zongrui},
  journal={arXiv preprint arXiv:2406.02156},
  year={2024}
}

